<?xml version="1.0" encoding="UTF-8"?>
<record xmlns="http://www.loc.gov/MARC21/slim" xmlns:xsi="http://www.w3.org/2001/XMLSchema-instance" xsi:schemaLocation="http://www.loc.gov/MARC21/slim http://www.loc.gov/standards/marcxml/schema/MARC21slim.xsd">
<leader>00000cam a22      i 4500</leader>
<controlfield tag="001">002287401</controlfield>
<controlfield tag="003">NNU</controlfield>
<controlfield tag="005">20151106160958.0</controlfield>
<controlfield tag="008">890201s1956    sy bfh   b    001 1 ara d</controlfield>
<datafield tag="035" ind1=" " ind2=" ">
<subfield code="a">(OCoLC)19090897</subfield>
</datafield>
<datafield tag="040" ind1=" " ind2=" ">
<subfield code="a">TOK</subfield>
<subfield code="b">eng</subfield>
<subfield code="c">TOK</subfield>
<subfield code="d">OCLCQ</subfield>
<subfield code="d">UUM</subfield>
<subfield code="d">OCLCG</subfield>
<subfield code="d">OCLCQ</subfield>
<subfield code="d">OCLCF</subfield>
<subfield code="d">OCLCO</subfield>
<subfield code="d">OCLCQ</subfield>
<subfield code="d">NNU</subfield>
</datafield>
<datafield tag="043" ind1=" " ind2=" ">
<subfield code="a">a-sy---</subfield>
</datafield>
<datafield tag="050" ind1=" " ind2="4">
<subfield code="a">DS38.6</subfield>
<subfield code="b">.I262 1956</subfield>
</datafield>
<datafield tag="100" ind1="1" ind2=" ">
<subfield code="6">880-01</subfield>
<subfield code="a">Ibn Shaddād, Muḥammad ibn ʻAlī,</subfield>
<subfield code="d">1217-1285.</subfield>
</datafield>
<datafield tag="240" ind1="1" ind2="0">
<subfield code="6">880-02</subfield>
<subfield code="a">Aʻlāq al-khaṭīrah fī dhikr umarāʼ al-Shām wa-al-Jazīrah.</subfield>
<subfield code="k">Selections</subfield>
</datafield>
<datafield tag="245" ind1="1" ind2="3">
<subfield code="6">880-03</subfield>
<subfield code="a">al-Aʻlāq al-khaṭīrah fī dhikr umarāʼ al-Shām wa-al-Jazīrah :</subfield>
<subfield code="b">tārīkh madīnat Dimashq /</subfield>
<subfield code="c">li-Ibn Shaddād ; ̣uniyá bi-nashrihi wa-taḥqīqihi wa-waḍaʻa fahārisahu Sāmī al-Dahhān.</subfield>
</datafield>
<datafield tag="246" ind1="3" ind2=" ">
<subfield code="6">880-04</subfield>
<subfield code="a">Tārīkh madīnat Dimashq</subfield>
</datafield>
<datafield tag="246" ind1="1" ind2=" ">
<subfield code="i">Title on p. [4] of cover:</subfield>
<subfield code="a">Description de Damas d'Ibn Šaddad</subfield>
</datafield>
<datafield tag="260" ind1=" " ind2=" ">
<subfield code="6">880-05</subfield>
<subfield code="a">Dimashq :</subfield>
<subfield code="b">al-Maʻhad al-Faransī lil-Dirāsāt al-ʻArabīyah,</subfield>
<subfield code="c">1956.</subfield>
</datafield>
<datafield tag="300" ind1=" " ind2=" ">
<subfield code="a">55, 473 pages, [8] leaves of plates :</subfield>
<subfield code="b">facsimiles ;</subfield>
<subfield code="c">25 cm</subfield>
</datafield>
<datafield tag="336" ind1=" " ind2=" ">
<subfield code="a">text</subfield>
<subfield code="b">txt</subfield>
<subfield code="2">rdacontent</subfield>
</datafield>
<datafield tag="337" ind1=" " ind2=" ">
<subfield code="a">unmediated</subfield>
<subfield code="b">n</subfield>
<subfield code="2">rdamedia</subfield>
</datafield>
<datafield tag="338" ind1=" " ind2=" ">
<subfield code="a">volume</subfield>
<subfield code="b">nc</subfield>
<subfield code="2">rdacarrier</subfield>
</datafield>
<datafield tag="504" ind1=" " ind2=" ">
<subfield code="a">Includes bibliographical references and indexes.</subfield>
</datafield>
<datafield tag="651" ind1=" " ind2="0">
<subfield code="a">Damascus (Syria)</subfield>
<subfield code="x">History.</subfield>
</datafield>
<datafield tag="651" ind1=" " ind2="0">
<subfield code="a">Damascus (Syria)</subfield>
<subfield code="x">Description and travel.</subfield>
</datafield>
<datafield tag="650" ind1=" " ind2="7">
<subfield code="a">Travel.</subfield>
<subfield code="2">fast</subfield>
<subfield code="0">(OCoLC)fst01155558</subfield>
</datafield>
<datafield tag="651" ind1=" " ind2="7">
<subfield code="a">Syria</subfield>
<subfield code="z">Damascus.</subfield>
<subfield code="2">fast</subfield>
<subfield code="0">(OCoLC)fst01207112</subfield>
</datafield>
<datafield tag="655" ind1=" " ind2="7">
<subfield code="a">History.</subfield>
<subfield code="2">fast</subfield>
<subfield code="0">(OCoLC)fst01411628</subfield>
</datafield>
<datafield tag="700" ind1="1" ind2=" ">
<subfield code="6">880-06</subfield>
<subfield code="a">Dahhān, Sāmī.</subfield>
</datafield>
<datafield tag="880" ind1="1" ind2=" ">
<subfield code="6">100-01/</subfield>
<subfield code="a">ابن شداد، محمد بن علي،</subfield>
<subfield code="d">1217-1285.</subfield>
</datafield>
<datafield tag="880" ind1="1" ind2="0">
<subfield code="6">240-02/</subfield>
<subfield code="a">اعلاق الخطيرة في ذكر امراء الشام والجزيرة.</subfield>
<subfield code="k">Selections</subfield>
</datafield>
<datafield tag="880" ind1="1" ind2="2">
<subfield code="6">245-03/</subfield>
<subfield code="a">الاعلاق الخطيرة في ذكر امراء الشام والجزيرة :</subfield>
<subfield code="b">تاريخ مدينة دمشق /</subfield>
<subfield code="c">لاابن شداد ؛ انيى بنشره وتحقيقه ووضع فهارسه سامي الدهان.</subfield>
</datafield>
<datafield tag="880" ind1="3" ind2=" ">
<subfield code="6">246-04/</subfield>
<subfield code="a">تاريخ مدينة دمشق</subfield>
</datafield>
<datafield tag="880" ind1=" " ind2=" ">
<subfield code="6">260-05/</subfield>
<subfield code="a">دمشق :</subfield>
<subfield code="b">المعهد الفرنسي للدراسات العربية،</subfield>
<subfield code="c">1956.</subfield>
</datafield>
<datafield tag="880" ind1="1" ind2=" ">
<subfield code="6">700-06/</subfield>
<subfield code="a">دهان، سامي.</subfield>
</datafield>
<datafield tag="OWN" ind1=" " ind2=" ">
<subfield code="a">GENERAL</subfield>
</datafield>
<datafield tag="AVA" ind1=" " ind2=" ">
<subfield code="a">NYU50</subfield>
<subfield code="b">BOBST</subfield>
<subfield code="c">Main Collection</subfield>
<subfield code="d">DS99.D3 I245 1956</subfield>
<subfield code="e">unavailable</subfield>
<subfield code="t">Unavailable</subfield>
<subfield code="f">1</subfield>
<subfield code="g">1</subfield>
<subfield code="h">N</subfield>
<subfield code="i">0</subfield>
<subfield code="j">MAIN</subfield>
<subfield code="k">0</subfield>
</datafield>
</record>
